%% This BibTeX bibliography file was created using BibDesk.
%% http://bibdesk.sourceforge.net/


%% Created for Kiersten Kerby-Patel at 2015-03-17 13:31:21 -0400 


%% Saved with string encoding Unicode (UTF-8) 



@article{ye2010,
	Author = {Chunxuan Ye and Mathur, S. and Reznik, A. and Shah, Y. and Trappe, W. and Mandayam, Narayan B.},
	Date-Added = {2015-03-17 17:30:30 +0000},
	Date-Modified = {2015-03-17 17:31:18 +0000},
	Journal = {Information Forensics and Security, IEEE Transactions on},
	Month = {June},
	Number = {2},
	Pages = {240-254},
	Title = {Information-Theoretically Secret Key Generation for Fading Wireless Channels},
	Volume = {5},
	Year = {2010}}

@inproceedings{azimi2007,
	Author = {Azimi-Sadjadi, Babak and Kiayias, Aggelos and Mercado, Alejandra and Yener, Bulent},
	Booktitle = {Proceedings of the 14th ACM Conference on Computer and Communications Security},
	Date-Added = {2015-03-17 17:28:27 +0000},
	Date-Modified = {2015-03-17 17:30:07 +0000},
	Pages = {401-410},
	Title = {Robust key generation from signal envelopes in wireless networks},
	Year = {2007}}

@article{bloch2008,
	Author = {Bloch, M. and Barros, J. and Rodrigues, M.R.D. and McLaughlin, S.W.},
	Date-Added = {2015-03-17 17:26:30 +0000},
	Date-Modified = {2015-03-17 17:27:49 +0000},
	Journal = {Information Theory, IEEE Transactions on},
	Month = {June},
	Number = {6},
	Pages = {2515-2534},
	Title = {Wireless Information-Theoretic Security},
	Volume = {54},
	Year = {2008}}

@inproceedings{mathur2008,
	Author = {Mathur, Suhas and Trappe, Wade and Mandayam, Narayan and Ye, Chunxuan and Reznik, Alex},
	Booktitle = {Proceedings of the 14th ACM International Conference on Mobile Computing and Networking},
	Date-Added = {2015-03-17 17:21:43 +0000},
	Date-Modified = {2015-03-17 17:25:25 +0000},
	Title = {Radio-telepathy: extracting a secret key from an unauthenticated wireless channel},
	Year = {2008}}

@article{nave_ohms_????,
	Author = {Nave, R.},
	Journal = {Hyper Physics},
	Title = {Ohm's {Law}},
	Url = {http://hyperphysics.phy-astr.gsu.edu/hbase/electric/ohmlaw.html},
	Bdsk-Url-1 = {http://hyperphysics.phy-astr.gsu.edu/hbase/electric/ohmlaw.html}}

@misc{center_for_history_and_new_media_zotero_????,
	Annote = {Welcome to Zotero!View the Quick Start Guide to learn how to begin collecting, managing, citing, and sharing your research sources.Thanks for installing Zotero.},
	Author = {{Center for History and New Media}},
	Title = {Zotero {Quick} {Start} {Guide}},
	Url = {http://zotero.org/support/quick_start_guide},
	Bdsk-Url-1 = {http://zotero.org/support/quick_start_guide}}
