
@article{nave_ohms_????,
	title = {Ohm's {Law}},
	url = {http://hyperphysics.phy-astr.gsu.edu/hbase/electric/ohmlaw.html},
	journal = {Hyper Physics},
	author = {Nave, R.}
}

@article{__????
}

@misc{center_for_history_and_new_media_zotero_????,
	title = {Zotero {Quick} {Start} {Guide}},
	url = {http://zotero.org/support/quick_start_guide},
	author = {{Center for History and New Media}},
	annote = {Welcome to Zotero!View the Quick Start Guide to learn how to begin collecting, managing, citing, and sharing your research sources.Thanks for installing Zotero.}
}